@book{hkla,
    author    = "Kenneth Hoffman and Ray Kunze",
    title     = "Linear Algebra",
    year      = "1971",
    publisher = "Pearson",
    edition = {2nd}
}

@book{intcomb,
    author = "Alan Slomson and R.B.J.T. Allenby",
    title = "How to Count: An Introduction to Combinatorics",
    year = {2010},
    publisher = {Chapman and Hall/CRC},
    edition = {2nd}
}

@book{spivak_calc,
	author = "Michael Spivak",
	title = "Calculus",
	year = {2008},
	publisher = {Publish or Perish},
	edition = {4th}
}

@book{nzm_nt,
	author = "Iven Niven and Herbert Zuckerman and Hugh Montgomery",
	title = "An Introduction to the Theory of Numbers",
	year = {1991},
	publisher = {John Wiley \& Sons, Inc.},
	edition = {5th}
}

@book{zeitz_pb,
	author = "Paul Zeitz",
	title = "The Art and Craft of Problem Solving",
	year = {2007},
	publisher = {John Wiley \& Sons, Inc.},
	edition = {2nd}
}

@book{rosen,
	author = {Kenneth Rosen},
	title = {Discrete Mathematics and its Applications},
	year = {2012},
	publisher = {McGraw-Hill},
	edition = {7th}
}